<record><leader>00000cas a22000007a 4500</leader><controlfield tag="001">9541285</controlfield><controlfield tag="008">830524c19uu9999njuwr ne      0   a0eng d</controlfield><datafield ind1=" " ind2=" " tag="010"><subfield code="a">sn 83009559 </subfield></datafield><datafield ind1=" " ind2=" " tag="040"><subfield code="a">NSD</subfield><subfield code="b">eng</subfield><subfield code="c">NSD</subfield><subfield code="d">OCLCQ</subfield></datafield><datafield ind1=" " ind2=" " tag="012"><subfield code="m">1</subfield></datafield><datafield ind1="1" ind2=" " tag="022"><subfield code="a">0745-8908</subfield><subfield code="l">0745-8908</subfield><subfield code="2">1</subfield></datafield><datafield ind1=" " ind2=" " tag="032"><subfield code="a">261280</subfield><subfield code="b">USPS</subfield></datafield><datafield ind1=" " ind2=" " tag="037"><subfield code="b">North Jersey Prospector, Inc., 404 Clifton Ave., Clifton, NJ 07013</subfield></datafield><datafield ind1=" " ind2=" " tag="042"><subfield code="a">nsdp</subfield></datafield><datafield ind1=" " ind2="4" tag="222"><subfield code="a">The North Jersey prospector</subfield></datafield><datafield ind1="0" ind2="4" tag="245"><subfield code="a">The North Jersey prospector.</subfield></datafield><datafield ind1=" " ind2=" " tag="260"><subfield code="a">Clifton, N.J. :</subfield><subfield code="b">[North Jersey Prospector, Inc.]</subfield></datafield><datafield ind1=" " ind2=" " tag="310"><subfield code="a">Weekly</subfield></datafield><datafield ind1=" " ind2=" " tag="588"><subfield code="a">Description based on: Vol. 50, no. 2 (Thursday, May 5, 1983); title from caption.</subfield></datafield><datafield ind1="0" ind2="0" tag="780"><subfield code="t">Independent-prospector</subfield></datafield><datafield ind1=" " ind2=" " tag="936"><subfield code="a">May 5, 1983</subfield></datafield></record>